<?xml version="1.0" encoding="UTF-8"?><collection xmlns="http://www.loc.gov/MARC21/slim"><record><leader>00433nam--2200145-i-4500</leader><controlfield tag="001">000011207</controlfield><controlfield tag="002">20161230</controlfield><controlfield tag="005">20170305223540</controlfield><controlfield tag="008">060222s1000------------r-----000-0-eng-d</controlfield><datafield ind1=" " ind2=" " tag="100"><subfield code="a">Almen Ramstrom, E</subfield></datafield><datafield ind1=" " ind2=" " tag="245"><subfield code="a">A systematic study of neutron inelastic scattering in the energy range 2.0 4.5 mev</subfield></datafield><datafield ind1=" " ind2=" " tag="260"><subfield code="a">Studsvik</subfield><subfield code="b">Aktiebolaget Atomenergi</subfield><subfield code="c">1975</subfield></datafield><datafield ind1=" " ind2=" " tag="300"><subfield code="a">IC 67 p. + &amp;0 Fig</subfield></datafield><datafield ind1=" " ind2=" " tag="490"><subfield code="a">Ae 503</subfield></datafield><datafield ind1=" " ind2=" " tag="CAT"><subfield code="a">SYS</subfield><subfield code="c">20170305</subfield><subfield code="h">223540</subfield></datafield></record></collection>